@misc{cern-data-policy,
  doi = {DOI:10.7483/OPENDATA.0XO6.HYY1},
  url = {http://opendata.cern.ch/record/416},
  title = "{CERN Open Data Policy for the LHC Experiments}",
  publisher = {CERN Open Data Portal},
  year = {2020},
  howpublished = "\url{http://opendata.cern.ch/record/416}"
}

@misc{CODP,
    title = "{CERN Open Data Portal}",
    howpublished = "\url{https://opendata.cern.ch/}",
    year         = 2021,
    note         = "Accessed: 2022-01-15"
}

@misc{data-policies,
    title = "{LHC experiments' data policies are available in the CERN Open data portal}",
    howpublished = "\url{http://opendata.cern.ch/search?page=1&size=20&q=&subtype=Policy&type=Documentation}",
    year         = 2021,
    note         = "Accessed: 2022-01-15"
}

@misc{cern-open-data-privacy-policy,
    title = "{CERN Open Data Privacy Policy}",
    howpublished = "\url{http://opendata.cern.ch/docs/privacy-policy}",
    year         = 2021,
    note         = "Accessed: 2022-01-15"
}

@misc{cms-open-data-policy,
  author = "{CMS Collaboration}",
  title = "{2020 CMS data preservation, re-use and open access policy}",
  publisher = {CERN Open Data Portal},
  year = {2020},
  doi = {10.7483/OPENDATA.CMS.1BNU.8V1W},
  url = {http://opendata.cern.ch/record/415},
  howpublished = "\url{http://opendata.cern.ch/record/415}"
}

@misc{atlas-open-data-policy,
  author = "{ATLAS Collaboration}",
  title = "{ATLAS Data Access Policy}",
  publisher = {CERN Open Data Portal},
  year = {2014},
  doi = {10.7483/OPENDATA.ATLAS.T9YR.Y7MZ},
  url = {http://opendata.cern.ch/record/413},
  howpublished = "\url{http://opendata.cern.ch/record/413}"
}

@misc{lhcb-open-data-policy,
  author = "{LHCb collaboration}",
  title = "{LHCb External Data Access Policy}",
  publisher = {CERN Open Data Portal},
  year = {2013},
  doi = {10.7483/OPENDATA.LHCb.HKJW.TWSZ},
  url = {http://opendata.cern.ch/record/410},
  howpublished = "\url{http://opendata.cern.ch/record/410}"
}

@misc{alice-open-data-policy,
  author = "{ALICE collaboration}",
  title = "{ALICE data preservation strategy}",
  publisher = {CERN Open Data Portal},
  year = {2013},
  doi = {OPENDATA.ALICE.54NE.X2EA},
  url = {http://opendata.cern.ch/record/412},
  howpublished = "\url{http://opendata.cern.ch/record/412}"
}

@article{FAIR-paper,
   author = "Wilkinson, Mark D. and others",
   title = "{The FAIR Guiding Principles for scientific data management and stewardship}",
   year = "2016",
   doi = "10.1038/sdata.2016.18",
   journal = "Scientific Data",
   volume = "3",
   issn = "2052-4463",
   publisher = "Springer Nature", 
}

@article{hepdata,
      author         = "Maguire, Eamonn and Heinrich, Lukas and Watt, Graeme",
      title          = "{HEPData: a repository for high energy physics data}",
      booktitle      = "{Proceedings, 22nd International Conference on Computing
                        in High Energy and Nuclear Physics (CHEP2016): San
                        Francisco, CA, October 14-16, 2016}",
      journal        = "J. Phys. Conf. Ser.",
      volume         = "898",
      year           = "2017",
      number         = "10",
      pages          = "102006",
      doi            = "10.1088/1742-6596/898/10/102006",
      eprint         = "1704.05473",
      archivePrefix  = "arXiv",
      primaryClass   = "hep-ex",
      reportNumber   = "IPPP-17-31",
      SLACcitation   = "%%CITATION = ARXIV:1704.05473;%%"
}

@article{Cranmer:2017frf,
    author = "Cranmer, Kyle and Heinrich, Lukas",
    editor = "Mount, Richard and Tull, Craig",
    title = "{Yadage and Packtivity - analysis preservation using parametrized workflows}",
    eprint = "1706.01878",
    archivePrefix = "arXiv",
    primaryClass = "physics.data-an",
    doi = "10.1088/1742-6596/898/10/102019",
    journal = "J. Phys. Conf. Ser.",
    volume = "898",
    number = "10",
    pages = "102019",
    year = "2017"
}

@software{yadage_code,
  author       = {Lukas Heinrich and
                  Kyle Cranmer},
  title        = {yadage/yadage v0.20.2},
  month        = feb,
  year         = 2022,
  publisher    = {Zenodo},
  version      = {v0.20.2},
  doi          = {10.5281/zenodo.596276},
  url          = {https://doi.org/10.5281/zenodo.596276}
}