@article{LHCReinterpretationForum:2020xtr,
    author = "{LHC Reinterpretation Forum}",
    title = "{Reinterpretation of LHC Results for New Physics: Status and Recommendations after Run 2}",
    eprint = "2003.07868",
    archivePrefix = "arXiv",
    primaryClass = "hep-ph",
    reportNumber = "CERN-LPCC-2020-001, FERMILAB-FN-1098-CMS-T, Imperial/HEP/2020/RIF/01",
    doi = "10.21468/SciPostPhys.9.2.022",
    journal = "SciPost Phys.",
    volume = "9",
    number = "2",
    pages = "022",
    year = "2020"
}

@article{Cranmer:2021urp,
    author = "Cranmer, Kyle and Kraml, Sabine and Prosper, Harrison and others",
    title = "{Publishing statistical models: Getting the most out of particle physics experiments}",
    eprint = "2109.04981",
    archivePrefix = "arXiv",
    primaryClass = "hep-ph",
    month = "9",
    year = "2021",
    journal = "{accepted in SciPost Phys.}",
}

@article{Waltenberger:2020ygp,
    author = "Waltenberger, Wolfgang and Lessa, Andr\'e and Kraml, Sabine",
    title = "{Artificial Proto-Modelling: Building Precursors of a Next Standard Model from Simplified Model Results}",
    eprint = "2012.12246",
    archivePrefix = "arXiv",
    primaryClass = "hep-ph",
    doi = "10.1007/JHEP03(2021)207",
    journal = "JHEP",
    volume = "03",
    pages = "207",
    year = "2021"
}

@inproceedings{Brooijmans:2016vro,
    author = "Brooijmans, G. and others",
    title = "{Les Houches 2015: Physics at TeV colliders - new physics working group report}",
    booktitle = "{9th Les Houches Workshop on Physics at TeV Colliders}",
    eprint = "1605.02684",
    archivePrefix = "arXiv",
    primaryClass = "hep-ph",
    month = "5",
    year = "2016"
}


@online{llpRepo,
  author = "{LLP Community}",
  title = "{LLP Recasting Repository}",
  year = 2019,
  url = {https://github.com/llprecasting/recastingCodes}
}

@article{Kvellestad:2019vxm,
    author = "Kvellestad, Anders and Scott, Pat and White, Martin",
    title = "{GAMBIT and its Application in the Search for Physics Beyond the Standard Model}",
    eprint = "1912.04079",
    archivePrefix = "arXiv",
    primaryClass = "hep-ph",
    reportNumber = "gambit-physics-2019, gambit-code-2019",
    doi = "10.1016/j.ppnp.2020.103769",
    month = "12",
    year = "2019"
}
